%% This BibTeX bibliography file was created using BibDesk.
%% http://bibdesk.sourceforge.net/


%% Created for Indigo V. L. Rose at 2015-04-05 22:09:06 -0400 


%% Saved with string encoding Unicode (UTF-8) 



@article{Hull,
	Author = {R. Hull, S.N. Covey, and P. Dale},
	Date-Added = {2015-04-06 02:07:04 +0000},
	Date-Modified = {2015-04-06 02:08:29 +0000},
	Journal = {Microbial Ecology in Health and Disease},
	Title = {Genetically modified plants and the 35S promoter: assessing the risks and enhancing the debate},
	Year = {2000}}
